<?xml version="1.0" encoding="UTF-8"?><collection xmlns="http://www.loc.gov/MARC21/slim"><record><leader>00592nam--2200193-u-4500</leader><controlfield tag="001">000053584</controlfield><controlfield tag="002">20161230</controlfield><controlfield tag="005">20161230201051</controlfield><controlfield tag="008">110502s1000------------r-----000-0-eng-d</controlfield><datafield ind1=" " ind2=" " tag="040"><subfield code="a">IFIN-HH</subfield></datafield><datafield ind1=" " ind2=" " tag="080"><subfield code="a">535.376</subfield></datafield><datafield ind1="1" ind2=" " tag="100"><subfield code="a">Stepanov, B.I</subfield></datafield><datafield ind1="1" ind2="0" tag="245"><subfield code="a">Theory of luminescence</subfield><subfield code="b">English translation edited by s. chomet</subfield><subfield code="c">B.i. stepanov; v.p. gribkovskii</subfield></datafield><datafield ind1=" " ind2=" " tag="260"><subfield code="a">London</subfield><subfield code="b">Iliffe Books Ltd</subfield><subfield code="c">1968</subfield></datafield><datafield ind1=" " ind2=" " tag="300"><subfield code="a">497P</subfield></datafield><datafield ind1=" " ind2=" " tag="500"><subfield code="a">Titlul Original In Limba Rusa: Vvedenie V Teoriya Lyuminestsentsii</subfield></datafield><datafield ind1="1" ind2=" " tag="700"><subfield code="a">Grobkovskii, V.P</subfield></datafield><datafield ind1=" " ind2=" " tag="852"><subfield code="a">77577</subfield><subfield code="c">535.37</subfield></datafield><datafield ind1=" " ind2=" " tag="CAT"><subfield code="a">Sys</subfield><subfield code="c">20110502</subfield><subfield code="h">112854</subfield></datafield></record></collection>